<record><leader>00000cas a2200000 a 4500</leader><controlfield tag="001">12384423</controlfield><controlfield tag="008">850814c19859999azuwr ne      0   a0eng d</controlfield><datafield ind1=" " ind2=" " tag="010"><subfield code="a">sn 87002261 </subfield></datafield><datafield ind1=" " ind2=" " tag="040"><subfield code="a">AZP</subfield><subfield code="b">eng</subfield><subfield code="c">AZP</subfield><subfield code="d">NSD</subfield><subfield code="d">ANN</subfield><subfield code="d">OCLCQ</subfield><subfield code="d">OCLCF</subfield><subfield code="d">OCLCO</subfield></datafield><datafield ind1=" " ind2=" " tag="012"><subfield code="m">1</subfield></datafield><datafield ind1="1" ind2=" " tag="022"><subfield code="a">0895-2450</subfield><subfield code="l">0895-2450</subfield><subfield code="2">1</subfield></datafield><datafield ind1="1" ind2=" " tag="029"><subfield code="a">AU@</subfield><subfield code="b">000020481394</subfield></datafield><datafield ind1=" " ind2=" " tag="032"><subfield code="a">746290</subfield><subfield code="b">USPS</subfield></datafield><datafield ind1=" " ind2=" " tag="037"><subfield code="b">The Bisbee Observer, 1 Erie St., Bisbee, AZ 85603</subfield></datafield><datafield ind1=" " ind2=" " tag="042"><subfield code="a">nsdp</subfield></datafield><datafield ind1=" " ind2=" " tag="043"><subfield code="a">n-us-az</subfield></datafield><datafield ind1=" " ind2="4" tag="222"><subfield code="a">The Bisbee observer</subfield></datafield><datafield ind1="0" ind2="4" tag="245"><subfield code="a">The Bisbee observer.</subfield></datafield><datafield ind1=" " ind2=" " tag="260"><subfield code="a">Bisbee, Ariz. :</subfield><subfield code="b">L. Ketchum,</subfield><subfield code="c">1985-</subfield></datafield><datafield ind1=" " ind2=" " tag="300"><subfield code="a">v. ;</subfield><subfield code="c">57 x 36 cm.</subfield></datafield><datafield ind1=" " ind2=" " tag="310"><subfield code="a">Weekly,</subfield><subfield code="b">Dec. 24, 1987-</subfield></datafield><datafield ind1=" " ind2=" " tag="321"><subfield code="a">Weekly,</subfield><subfield code="b">Apr. 25, 1985-July 16, 1987</subfield></datafield><datafield ind1=" " ind2=" " tag="321"><subfield code="a">Semiweekly,</subfield><subfield code="b">July 22, 1987-Dec. 18, 1987</subfield></datafield><datafield ind1=" " ind2="0" tag="651"><subfield code="a">Bisbee (Ariz.)</subfield><subfield code="v">Newspapers.</subfield></datafield><datafield ind1=" " ind2="7" tag="655"><subfield code="a">Newspapers.</subfield><subfield code="2">fast</subfield><subfield code="0">(OCoLC)fst01423814</subfield></datafield><datafield ind1=" " ind2="7" tag="651"><subfield code="a">Arizona</subfield><subfield code="z">Bisbee.</subfield><subfield code="2">fast</subfield><subfield code="0">(OCoLC)fst01210919</subfield></datafield><datafield ind1=" " ind2=" " tag="752"><subfield code="a">United States</subfield><subfield code="b">Arizona</subfield><subfield code="c">Cochise</subfield><subfield code="d">Bisbee.</subfield></datafield></record>